
@book{harlow2004electric,
  title={Electric Power Transformer Engineering},
  author={Harlow, J.H.},
  isbn={9780203486481},
  series={The Electric Power Engineering Hbk, Second Edition},
  url={https://books.google.be/books?id=THO9U9f2m9EC},
  year={2004},
  publisher={CRC Press}
}

@misc{opensourcelist,
  author = {OhmHome},
  title = {2017 Best Home Energy Monitors - Pricing and Reviews | OhmHome},
  year = 2017,
  url = {https://www.ohmhomenow.com/smart-home/best-home-energy-monitors/},
  urldate = {2018-03-10}
}


%%%%%%%%%%%%%%%%%%%%%%%%%%%%%%%%%%%%%%%%%%%%%%%%%%%%%%%%%%%%%%%%%%%%%%%%%%%%%%%%%%%%%%%%%%%%%%%%%%%%%%%%%%%%%%%%%%%%%%%%%%%%%%%%%%%%

@inproceedings{kelly2015neural,
  title={Neural nilm: Deep neural networks applied to energy disaggregation},
  author={Kelly, Jack and Knottenbelt, William},
  booktitle={Proceedings of the 2nd ACM International Conference on Embedded Systems for Energy-Efficient Built Environments},
  pages={55--64},
  year={2015},
  organization={ACM},
  url={https://arxiv.org/pdf/1507.06594}
}

@inproceedings{kolter2011redd,
  title={REDD: A public data set for energy disaggregation research},
  author={Kolter, J Zico and Johnson, Matthew J},
  booktitle={Workshop on Data Mining Applications in Sustainability (SIGKDD), San Diego, CA},
  volume={25},
  pages={59--62},
  year={2011},
  url={http://redd.csail.mit.edu/kolter-kddsust11.pdf}
}

@inproceedings{barker2014nilm,
  title={NILM redux: The case for emphasizing applications over accuracy},
  author={Barker, Sean and Kalra, Sandeep and Irwin, David and Shenoy, Prashant},
  booktitle={NILM-2014 workshop},
  year={2014},
  url={http://www.ecs.umass.edu/~irwin/nilm.pdf}
}

@article{makonin2015nonintrusive,
  title={Nonintrusive load monitoring (NILM) performance evaluation},
  author={Makonin, Stephen and Popowich, Fred},
  journal={Energy Efficiency},
  volume={8},
  number={4},
  pages={809--814},
  year={2015},
  publisher={Springer},
  url={https://pdfs.semanticscholar.org/f5cf/43f453f3e79504d1d08a66e2d6f6e0258843.pdf}
}

@inproceedings{gulati2014depth,
  title={An in depth study into using EMI signatures for appliance identification},
  author={Gulati, Manoj and Ram, Shobha Sundar and Singh, Amarjeet},
  booktitle={Proceedings of the 1st ACM Conference on Embedded Systems for Energy-Efficient Buildings},
  pages={70--79},
  year={2014},
  organization={ACM},
  url={https://arxiv.org/pdf/1409.4438}
}

@inproceedings{gupta2010electrisense,
  title={ElectriSense: single-point sensing using EMI for electrical event detection and classification in the home},
  author={Gupta, Sidhant and Reynolds, Matthew S and Patel, Shwetak N},
  booktitle={Proceedings of the 12th ACM international conference on Ubiquitous computing},
  pages={139--148},
  year={2010},
  organization={ACM},
  url={https://digital.lib.washington.edu/researchworks/bitstream/handle/1773/26334/Gupta_washington_0250E_12973.pdf?sequence=1&isAllowed=y}
}

@inproceedings{ho2011heatprobe,
  title={HeatProbe: a thermal-based power meter for accounting disaggregated electricity usage},
  author={Ho, Bo-Jhang and Kao, Hsin-Liu Cindy and Chen, Nan-Chen and You, Chuang-Wen and Chu, Hao-Hua and Chen, Ming-Syan},
  booktitle={Proceedings of the 13th international conference on Ubiquitous computing},
  pages={55--64},
  year={2011},
  organization={ACM},
  url={https://pdfs.semanticscholar.org/0d0a/04077d2c78fd787ae423dfc97b08810449bf.pdf}
}

@phdthesis{do2016applications,
  title={Applications of Deep Learning Techniques on NILM},
  author={do Nascimento, Pedro Paulo Marques},
  year={2016},
  school={Universidade Federal do Rio de Janeiro},
  url={http://lemt.ufrj.br/pdf/pedro.pdf}
}

@techreport{makonin2012approaches,
  title={Approaches to Non-Intrusive Load Monitoring (NILM) in the Home},
  author={Makonin, Stephen},
  institution={British Columbia Institute of Technology},
  year={2012},
  url={http://summit.sfu.ca/system/files/iritems1/14475/DepthReport.pdf}
}

@article{zoha2012non,
  title={Non-intrusive load monitoring approaches for disaggregated energy sensing: A survey},
  author={Zoha, Ahmed and Gluhak, Alexander and Imran, Muhammad Ali and Rajasegarar, Sutharshan},
  journal={Sensors},
  volume={12},
  number={12},
  pages={16838--16866},
  year={2012},
  publisher={Multidisciplinary Digital Publishing Institute},
  url={http://www.mdpi.com/1424-8220/12/12/16838/htm}
}

@phdthesis{kelly2016disaggregation,
  title={Disaggregation of domestic smart meter energy data},
  author={Kelly, Daniel},
  year={2016},
  school={Imperial College London},
  url={http://jack-kelly.com/files/writing/jack-kelly-phd-thesis.pdf}
}

@mastersthesis{fiol2016algorithms,
  title={Algorithms for energy disaggregation},
  author={Fiol Arguimbau, Albert},
  year={2016},
  school={Universitat Polit{\`e}cnica de Catalunya},
  url={https://upcommons.upc.edu/bitstream/handle/2117/89937/108724.pdf}
}


@article{bellet2013survey,
  title={A survey on metric learning for feature vectors and structured data},
  author={Bellet, Aur{\'e}lien and Habrard, Amaury and Sebban, Marc},
  journal={arXiv preprint arXiv:1306.6709},
  year={2013},
  url={https://arxiv.org/pdf/1306.6709.pdf}
}

%%%%%%%%%%%%%%%%%%%%%%%%%%%%%%%%%%%%%%%%%%%%%%%%%%%%%%%%%%%%%%%%%%%%%%%%%%%%%%%%%%%%%%%%%%%%%%%%%%%%%%%%%%%%%%%%%%%%
@inproceedings{tomkins2017disambiguating,
  title={Disambiguating energy disaggregation: a collective probabilistic approach},
  author={Tomkins, Sabina and Pujara, Jay and Getoor, Lise},
  booktitle={Proceedings of the 26th International Joint Conference on Artificial Intelligence},
  pages={2857--2863},
  year={2017},
  organization={AAAI Press},
  url={http://travellingscholar.com/papers/tomkins-ijcai17.pdf}
}

@phdthesis{parson2014unsupervised,
  title={Unsupervised training methods for non-intrusive appliance load monitoring from smart meter data},
  author={Parson, Oliver},
  year={2014},
  school={University of Southampton},
  url={https://eprints.soton.ac.uk/364263/}
}

@article{klemenjak2016non,
  title={Non-Intrusive Load Monitoring: A Review and Outlook},
  author={Klemenjak, Christoph and Goldsborough, Peter},
  journal={arXiv preprint arXiv:1610.01191},
  year={2016},
  url={https://arxiv.org/pdf/1610.01191}
}

@article{hassan2014empirical,
  title={An empirical investigation of VI trajectory based load signatures for non-intrusive load monitoring},
  author={Hassan, Taha and Javed, Fahad and Arshad, Naveed},
  journal={IEEE Transactions on Smart Grid},
  volume={5},
  number={2},
  pages={870--878},
  year={2014},
  publisher={IEEE},
  url={https://arxiv.org/pdf/1305.0596.pdf}
}

@article{lam2007novel,
  title={A novel method to construct taxonomy electrical appliances based on load signaturesof},
  author={Lam, Hong Yin and Fung, GSK and Lee, WK},
  journal={IEEE Transactions on Consumer Electronics},
  volume={53},
  number={2},
  year={2007},
  publisher={IEEE},
  url={https://hub.hku.hk/bitstream/10722/57489/1/135777.pdf?accept=1}
}



@article{abubakar2006recent,
  title={RECENT APPROACHES AND APPLICATIONS OF NON-INTRUSIVE LOAD MONITORING},
  author={Abubakar, I and Khalid, SN and Mustafa, MW and Shareef, Hussain and Mustapha, M},
  journal={ARPN Journal of Engineering and Applied Sciences},
  year={2006},
  url={http://www.arpnjournals.org/jeas/research_papers/rp_2016/jeas_0416_3998.pdf}
}

@inproceedings{hesener2010electromagnetic,
  title={Electromagnetic interference (EMI) in power supplies},
  author={Hesener, Alfred},
  booktitle={Fairchild Semiconductor Power Seminar},
  volume={2011},
  pages={1--16},
  year={2010},
  url={https://www.fairchildsemi.co.jp/technical-articles/Electromagnetic-Interference-EMI-in-Power-Supplies.pdf}
}

@phdthesis{bach2015hinge,
  title={Hinge-loss Markov random fields and probabilistic soft logic: A scalable approach to structured prediction},
  author={Bach, Stephen Hilliard},
  year={2015},
  school={University of Maryland, College Park},
  url={https://drum.lib.umd.edu/bitstream/handle/1903/17225/Bach_umd_0117E_16620.pdf?sequence=1}
}

@inproceedings{batra2014nilmtk,
  title={NILMTK: an open source toolkit for non-intrusive load monitoring},
  author={Batra, Nipun and Kelly, Jack and Parson, Oliver and Dutta, Haimonti and Knottenbelt, William and Rogers, Alex and Singh, Amarjeet and Srivastava, Mani},
  booktitle={Proceedings of the 5th international conference on Future energy systems},
  pages={265--276},
  year={2014},
  organization={ACM},
  url={https://arxiv.org/pdf/1404.3878v1.pdf}
}



%%%%%%%%%%%%%%%%%%%%%%%%
%LIBGEN
@inproceedings{liu2002high,
  title={High frequency characteristic analysis of EMI filter in switch mode power supply (SMPS)},
  author={Liu, DH and Jiang, JG},
  booktitle={Power Electronics Specialists Conference, 2002. pesc 02. 2002 IEEE 33rd Annual},
  volume={4},
  pages={2039--2043},
  year={2002},
  organization={IEEE},
  url = {https://sci.libgen.pw/download/sci/59e665a53a04465a6ad272a3}
}
    